% @book{lamport1994latex,
%   title={LATEX: a document preparation system: user's guide and reference manual},
%   author={Lamport, Leslie},
%   year={1994},
%   publisher={Addison-wesley}
% }

% @article{pritchard1969statistical,
%   title={Statistical bibliography or bibliometrics},
%   author={Pritchard, Alan and others},
%   journal={Journal of documentation},
%   volume={25},
%   number={4},
%   pages={348--349},
%   year={1969},
%   publisher={New York}
% }

% @Book{zh-book-1,
%   title     = {边缘计算},
%   publisher = {科学出版社},
%   year      = {2018},
%   author    = {施巍松 and 刘芳 and 孙辉 and 裴庆祺},
%   address   = {北京},
%   language  = {zh},
% }

% @Article{shiweisong2019,
%   author  = {施巍松 and 张星洲 and 王一帆 and 张庆阳},
%   title   = {边缘计算:现状与展望},
%   journal = {计算机研究与发展},
%   year    = {2019},
%   volume  = {56},
%   number  = {01},
%   pages   = {69--89},
% }

% @Article{Hadzic2019Server,
%   author  = {Ilija Hadzic and Yoshihisa Abe and Hans Christian Woithe},
%   title   = {{Server Placement and Selection for Edge Computing in the ePC}},
%   journal = {{IEEE} Trans. Services Computing},
%   year    = {2019},
%   volume  = {12},
%   number  = {5},
%   pages   = {671--684},
% }

% @Article{WuYangLuEtAl2021,
%   author  = {Wu, Fan and Yang, Wang and Lu, Jialun and Lyu, Feng and Ren, Ju and Zhang, Yaoxue},
%   journal = {IEEE IoT J.},
%   title   = {{RLSS: A Reinforcement Learning Scheme for HD Map Data Source Selection in Vehicular NDN}},
%   year    = {2021},
%   pages   = {1-14},
% }

% @InProceedings{Wu2022Boosting,
%   author    = {Fan Wu and Ju Ren and Feng Lyu and Peng Yang and Yongmin Zhang and Deyu Zhang and Yaoxue Zhang},
%   booktitle = {Proc. IEEE INFOCOM},
%   title     = {{Boosting Internet Card Cellular Business via User Portraits: A Case of Churn Prediction}},
%   year      = {2022},
%   pages     = {1-10},
% }

% @InProceedings{Kraus2021Current,
%   author    = {Veronika Krau{\ss} and Alexander Boden and Leif Oppermann and Ren{\'{e}} Reiners},
%   title     = {{Current Practices, Challenges, and Design Implications for Collaborative {AR/VR} Application Development}},
%   booktitle = {Proc. ACM {CHI}, Virtual Event/Yokohama, Japan},
%   year      = {2021},
%   pages     = {454:1--454:15},
%   publisher = {{ACM}},
% }

% @Article{LuoZengYuanEtAl2016,
%   author  = {Chen Luo and Jia Zeng and Mingxuan Yuan and Wenyuan Dai and Qiang Yang},
%   title   = {{Telco User Activity Level Prediction with Massive Mobile Broadband Data}},
%   journal = {{ACM} Trans. Intell. Syst. Technol.},
%   year    = {2016},
%   volume  = {7},
%   number  = {4},
%   pages   = {63:1--63:30},
% }

% @Patent{huaw,
%   year      = {2021},
%   author    = {Huang, Guangping},
%   month     = dec #{~30},
%   note      = {US Patent App. 17/294,541},
%   title     = {Method and apparatus for determining forwarding port in information centeric network},
%   publisher = {Google Patents},
% }

% 1 
@inproceedings{xu2020understanding,
  title={Understanding operational 5G: A first measurement study on its coverage, performance and energy consumption},
  author={Xu, Dongzhu and Zhou, Anfu and Zhang, Xinyu and Wang, Guixian and Liu, Xi and An, Congkai and Shi, Yiming and Liu, Liang and Ma, Huadong},
  booktitle={Proceedings of the Annual conference of the ACM Special Interest Group on Data Communication on the applications, technologies, architectures, and protocols for computer communication},
  pages={479--494},
  year={2020}
}

% 2
@article{tan2018supporting,
  title={Supporting mobile VR in LTE networks: How close are we?},
  author={Tan, Zhaowei and Li, Yuanjie and Li, Qianru and Zhang, Zhehui and Li, Zhehan and Lu, Songwu},
  journal={Proceedings of the ACM on Measurement and Analysis of Computing Systems},
  volume={2},
  number={1},
  pages={1--31},
  year={2018},
  publisher={ACM New York, NY, USA}
}

% 3
@inproceedings{krauss2021current,
  title={Current practices, challenges, and design implications for collaborative ar/vr application development},
  author={Krau{\ss}, Veronika and Boden, Alexander and Oppermann, Leif and Reiners, Ren{\'e}},
  booktitle={Proceedings of the 2021 CHI Conference on Human Factors in Computing Systems},
  pages={1--15},
  year={2021}
}

% 4
@article{wu2021rlss,
  title={RLSS: A Reinforcement Learning Scheme for HD Map Data Source Selection in Vehicular NDN},
  author={Wu, Fan and Yang, Wang and Lu, Jialun and Lyu, Feng and Ren, Ju and Zhang, Yaoxue},
  journal={IEEE Internet of Things Journal},
  volume={9},
  number={13},
  pages={10777--10791},
  year={2021},
  publisher={IEEE}
}

% 5
@article{deng2021auction,
  title={Auction: Automated and quality-aware client selection framework for efficient federated learning},
  author={Deng, Yongheng and Lyu, Feng and Ren, Ju and Wu, Huaqing and Zhou, Yuezhi and Zhang, Yaoxue and Shen, Xuemin},
  journal={IEEE Transactions on Parallel and Distributed Systems},
  volume={33},
  number={8},
  pages={1996--2009},
  year={2021},
  publisher={IEEE}
}

% 6
@misc{cisco2020cisco,
  title={Cisco Annual Internet Report (2018--2023)},
  author={Cisco Systems Inc},
  year={2020},
  publisher={Cisco Systems, Inc. San Jose, CA, USA}
}

% 7
@article{tian2021and,
  title={What and how long: Prediction of mobile app engagement},
  author={Tian, Yuan and Zhou, Ke and Pelleg, Dan},
  journal={ACM Transactions on Information Systems (TOIS)},
  volume={40},
  number={1},
  pages={1--38},
  year={2021},
  publisher={ACM New York, NY}
}

% 8
@inproceedings{sheoran2020experience,
  title={Experience: Towards automated customer issue resolution in cellular networks},
  author={Sheoran, Amit and Fahmy, Sonia and Osinski, Matthew and Peng, Chunyi and Ribeiro, Bruno and Wang, Jia},
  booktitle={Proceedings of the 26th Annual International Conference on Mobile Computing and Networking},
  pages={1--13},
  year={2020}
}

% 9
@inproceedings{wang2019experience,
  title={Experience: Understanding long-term evolving patterns of shared electric vehicle networks},
  author={Wang, Guang and Chen, Xiuyuan and Zhang, Fan and Wang, Yang and Zhang, Desheng},
  booktitle={The 25th Annual International Conference on Mobile Computing and Networking},
  pages={1--12},
  year={2019}
}

% 10 11
@article{yu2018smartphone,
  title={Smartphone app usage prediction using points of interest},
  author={Yu, Donghan and Li, Yong and Xu, Fengli and Zhang, Pengyu and Kostakos, Vassilis},
  journal={Proceedings of the ACM on Interactive, Mobile, Wearable and Ubiquitous Technologies},
  volume={1},
  number={4},
  pages={1--21},
  year={2018},
  publisher={ACM New York, NY, USA}
}

% 11
@article{li2020extent,
  title={To what extent we repeat ourselves? Discovering daily activity patterns across mobile app usage},
  author={Li, Tong and Li, Yong and Hoque, Mohammad Ashraful and Xia, Tong and Tarkoma, Sasu and Hui, Pan},
  journal={IEEE Transactions on Mobile Computing},
  volume={21},
  number={4},
  pages={1492--1507},
  year={2020},
  publisher={IEEE}
}

% 12 13
@article{wang2020understanding,
  title={Understanding user behavior in car sharing services through the lens of mobility: Mixing qualitative and quantitative studies},
  author={Wang, Guang and Vaish, Harsh Rajkumar and Sun, Huijun and Wu, Jianjun and Wang, Shuai and Zhang, Desheng},
  journal={Proceedings of the ACM on Interactive, Mobile, Wearable and Ubiquitous Technologies},
  volume={4},
  number={4},
  pages={1--30},
  year={2020},
  publisher={ACM New York, NY, USA}
}

% 13
@article{verbraken2012novel,
  title={A novel profit maximizing metric for measuring classification performance of customer churn prediction models},
  author={Verbraken, Thomas and Verbeke, Wouter and Baesens, Bart},
  journal={IEEE transactions on knowledge and data engineering},
  volume={25},
  number={5},
  pages={961--973},
  year={2012},
  publisher={IEEE}
}

% 14 
@inproceedings{huang2015telco,
  title={Telco churn prediction with big data},
  author={Huang, Yiqing and Zhu, Fangzhou and Yuan, Mingxuan and Deng, Ke and Li, Yanhua and Ni, Bing and Dai, Wenyuan and Yang, Qiang and Zeng, Jia},
  booktitle={Proceedings of the 2015 ACM SIGMOD international conference on management of data},
  pages={607--618},
  year={2015}
}

% 15 1
@inproceedings{wu2022boosting,
  title={Boosting Internet Card Cellular Business via User Portraits: A Case of Churn Prediction},
  author={Wu, Fan and Ren, Ju and Lyu, Feng and Yang, Peng and Zhang, Yongmin and Zhang, Deyu and Zhang, Yaoxue},
  booktitle={IEEE INFOCOM 2022-IEEE Conference on Computer Communications},
  pages={640--649},
  year={2022},
  organization={IEEE}
}

% 16 24
@inproceedings{yang2018towards,
  title={Towards personalized task matching in mobile crowdsensing via fine-grained user profiling},
  author={Yang, Shuo and Han, Kunyan and Zheng, Zhenzhe and Tang, Shaojie and Wu, Fan},
  booktitle={IEEE INFOCOM 2018-IEEE Conference on Computer Communications},
  pages={2411--2419},
  year={2018},
  organization={IEEE}
}

% 17 25
@inproceedings{zhang2020general,
  title={General-purpose user embeddings based on mobile app usage},
  author={Zhang, Junqi and Bai, Bing and Lin, Ye and Liang, Jian and Bai, Kun and Wang, Fei},
  booktitle={Proceedings of the 26th ACM SIGKDD International Conference on Knowledge Discovery \& Data Mining},
  pages={2831--2840},
  year={2020}
}

% 18 26
@article{lyu2020lead,
  title={LEAD: Large-scale edge cache deployment based on spatio-temporal WiFi traffic statistics},
  author={Lyu, Feng and Ren, Ju and Cheng, Nan and Yang, Peng and Li, Minglu and Zhang, Yaoxue and Shen, Xuemin Sherman},
  journal={IEEE Transactions on Mobile Computing},
  volume={20},
  number={8},
  pages={2607--2623},
  year={2020},
  publisher={IEEE}
}

% 19 27
@article{sun2021mobile,
  title={Mobile data traffic prediction by exploiting time-evolving user mobility patterns},
  author={Sun, Feiyang and Wang, Pinghui and Zhao, Junzhou and Xu, Nuo and Zeng, Juxiang and Tao, Jing and Song, Kaikai and Deng, Chao and Lui, John CS and Guan, Xiaohong},
  journal={IEEE Transactions on mobile computing},
  volume={21},
  number={12},
  pages={4456--4470},
  year={2021},
  publisher={IEEE}
}

% 20 28
@article{wu2022characterizing,
  title={Characterizing User Association Patterns for Optimizing Small-Cell Edge System Performance},
  author={Wu, Fan and Lyu, Feng and Wu, Huaqing and Ren, Ju and Zhang, Yaoxue and Shen, Xuemin Sherman},
  journal={IEEE Network},
  year={2022},
  publisher={IEEE}
}

% 21 29
@inproceedings{tian2020identifying,
  title={Identifying tasks from mobile app usage patterns},
  author={Tian, Yuan and Zhou, Ke and Lalmas, Mounia and Pelleg, Dan},
  booktitle={Proceedings of the 43rd international ACM SIGIR conference on research and development in information retrieval},
  pages={2357--2366},
  year={2020}
}

% 22 30
@inproceedings{li2020apps,
  title={” What apps did you use?”: Understanding the long-term evolution of mobile app usage},
  author={Li, Tong and Zhang, Mingyang and Cao, Hancheng and Li, Yong and Tarkoma, Sasu and Hui, Pan},
  booktitle={Proceedings of The Web Conference 2020},
  pages={66--76},
  year={2020}
}

% 23 31
@inproceedings{pi2019practice,
  title={Practice on long sequential user behavior modeling for click-through rate prediction},
  author={Pi, Qi and Bian, Weijie and Zhou, Guorui and Zhu, Xiaoqiang and Gai, Kun},
  booktitle={Proceedings of the 25th ACM SIGKDD International Conference on Knowledge Discovery \& Data Mining},
  pages={2671--2679},
  year={2019}
}

%24 32
@article{luo2016telco,
  title={Telco user activity level prediction with massive mobile broadband data},
  author={Luo, Chen and Zeng, Jia and Yuan, Mingxuan and Dai, Wenyuan and Yang, Qiang},
  journal={ACM Transactions on Intelligent Systems and Technology (TIST)},
  volume={7},
  number={4},
  pages={1--30},
  year={2016},
  publisher={ACM New York, NY, USA}
}

%25 33
@inproceedings{zhang2020general,
  title={General-purpose user embeddings based on mobile app usage},
  author={Zhang, Junqi and Bai, Bing and Lin, Ye and Liang, Jian and Bai, Kun and Wang, Fei},
  booktitle={Proceedings of the 26th ACM SIGKDD International Conference on Knowledge Discovery \& Data Mining},
  pages={2831--2840},
  year={2020}
}

%26 34
@article{xia2020deepapp,
  title={Deepapp: predicting personalized smartphone app usage via context-aware multi-task learning},
  author={Xia, Tong and Li, Yong and Feng, Jie and Jin, Depeng and Zhang, Qing and Luo, Hengliang and Liao, Qingmin},
  journal={ACM Transactions on Intelligent Systems and Technology (TIST)},
  volume={11},
  number={6},
  pages={1--12},
  year={2020},
  publisher={ACM New York, NY, USA}
}

%27 35 
@inproceedings{tian2020cohort,
  title={Cohort modeling based app category usage prediction},
  author={Tian, Yuan and Zhou, Ke and Lalmas, Mounia and Liu, Yiqun and Pelleg, Dan},
  booktitle={Proceedings of the 28th ACM Conference on User Modeling, Adaptation and Personalization},
  pages={248--256},
  year={2020}
}

%28 36
@inproceedings{shen2019bag,
  title={BaG: Behavior-aware group detection in crowded urban spaces using WiFi probes},
  author={Shen, Jiaxing and Cao, Jiannong and Liu, Xuefeng},
  booktitle={The World Wide Web Conference},
  pages={1669--1678},
  year={2019}
}


%29 37
@inproceedings{lu2018between,
  title={Between clicks and satisfaction: Study on multi-phase user preferences and satisfaction for online news reading},
  author={Lu, Hongyu and Zhang, Min and Ma, Shaoping},
  booktitle={The 41st International ACM SIGIR Conference on Research \& Development in Information Retrieval},
  pages={435--444},
  year={2018}
}


%30 38
@article{yao2021mvstgn,
  title={MVSTGN: A multi-view spatial-temporal graph network for cellular traffic prediction},
  author={Yao, Yang and Gu, Bo and Su, Zhou and Guizani, Mohsen},
  journal={IEEE Transactions on Mobile Computing},
  year={2021},
  publisher={IEEE}
}

%31 39
@article{hu2020exploiting,
  title={Exploiting user preference and mobile peer influence for human mobility annotation},
  author={Hu, Renjun and Liu, Yanchi and Li, Yanyan and Zhou, Jingbo and Ma, Shuai and Xiong, Hui},
  journal={ACM Transactions on Knowledge Discovery from Data (TKDD)},
  volume={14},
  number={6},
  pages={1--18},
  year={2020},
  publisher={ACM New York, NY, USA}
}

%32 40
@inproceedings{wu2021receptivity,
  title={Im receptivity and presentation-type preferences among users of a mobile app with automated receptivity-status adjustment},
  author={Wu, Ting-Wei and Chien, Yu-Ling and Lee, Hao-Ping and Chang, Yung-Ju},
  booktitle={Proceedings of the 2021 CHI Conference on Human Factors in Computing Systems},
  pages={1--14},
  year={2021}
}

%33 41
@article{sakai2020retrieval,
  title={Retrieval evaluation measures that agree with users’ SERP preferences: Traditional, preference-based, and diversity measures},
  author={Sakai, Tetsuya and Zeng, Zhaohao},
  journal={ACM Transactions on Information Systems (TOIS)},
  volume={39},
  number={2},
  pages={1--35},
  year={2020},
  publisher={ACM New York, NY, USA}
}

%34 42
@inproceedings{shen2019deepapp,
  title={Deepapp: a deep reinforcement learning framework for mobile application usage prediction},
  author={Shen, Zhihao and Yang, Kang and Du, Wan and Zhao, Xi and Zou, Jianhua},
  booktitle={Proceedings of the 17th Conference on Embedded Networked Sensor Systems},
  pages={153--165},
  year={2019}
}

%35 16
@article{liu2017deriving,
  title={Deriving user preferences of mobile apps from their management activities},
  author={Liu, Xuanzhe and Ai, Wei and Li, Huoran and Tang, Jian and Huang, Gang and Feng, Feng and Mei, Qiaozhu},
  journal={ACM Transactions on Information Systems (TOIS)},
  volume={35},
  number={4},
  pages={1--32},
  year={2017},
  publisher={ACM New York, NY, USA}
}

%36 43
@inproceedings{dou2021user,
  title={User preference-aware fake news detection},
  author={Dou, Yingtong and Shu, Kai and Xia, Congying and Yu, Philip S and Sun, Lichao},
  booktitle={Proceedings of the 44th International ACM SIGIR Conference on Research and Development in Information Retrieval},
  pages={2051--2055},
  year={2021}
}

%37 44
@inproceedings{cho2021learning,
  title={Learning heterogeneous temporal patterns of user preference for timely recommendation},
  author={Cho, Junsu and Hyun, Dongmin and Kang, SeongKu and Yu, Hwanjo},
  booktitle={Proceedings of the Web Conference 2021},
  pages={1274--1283},
  year={2021}
}

%38 45
@inproceedings{sun2021meta,
  title={Meta-Learned Specific Scenario Interest Network for User Preference Prediction},
  author={Sun, Yinan and Yin, Kang and Liu, Hehuan and Li, Si and Xu, Yajing and Guo, Jun},
  booktitle={Proceedings of the 44th International ACM SIGIR Conference on Research and Development in Information Retrieval},
  pages={1970--1974},
  year={2021}
}

%39 46
@article{gao2021learning,
  title={Learning to respond with your favorite stickers: A framework of unifying multi-modality and user preference in multi-turn dialog},
  author={Gao, Shen and Chen, Xiuying and Liu, Li and Zhao, Dongyan and Yan, Rui},
  journal={ACM Transactions on Information Systems (TOIS)},
  volume={39},
  number={2},
  pages={1--32},
  year={2021},
  publisher={ACM New York, NY, USA}
}


%40
@article{lecun2015deep,
  title={Deep learning},
  author={LeCun, Yann and Bengio, Yoshua and Hinton, Geoffrey},
  journal={nature},
  volume={521},
  number={7553},
  pages={436--444},
  year={2015},
  publisher={Nature Publishing Group UK London}
}

%41
@article{bengio2013representation,
  title={Representation learning: A review and new perspectives},
  author={Bengio, Yoshua and Courville, Aaron and Vincent, Pascal},
  journal={IEEE transactions on pattern analysis and machine intelligence},
  volume={35},
  number={8},
  pages={1798--1828},
  year={2013},
  publisher={IEEE}
}

%42
@article{goodfellow2020generative,
  title={Generative adversarial networks},
  author={Goodfellow, Ian and Pouget-Abadie, Jean and Mirza, Mehdi and Xu, Bing and Warde-Farley, David and Ozair, Sherjil and Courville, Aaron and Bengio, Yoshua},
  journal={Communications of the ACM},
  volume={63},
  number={11},
  pages={139--144},
  year={2020},
  publisher={ACM New York, NY, USA}
}

%43
@inproceedings{martens2011learning,
  title={Learning recurrent neural networks with hessian-free optimization},
  author={Martens, James and Sutskever, Ilya},
  booktitle={Proceedings of the 28th international conference on machine learning (ICML-11)},
  pages={1033--1040},
  year={2011}
}

%44
@inproceedings{sutskever2011generating,
  title={Generating text with recurrent neural networks},
  author={Sutskever, Ilya and Martens, James and Hinton, Geoffrey E},
  booktitle={Proceedings of the 28th international conference on machine learning (ICML-11)},
  pages={1017--1024},
  year={2011}
}

%45
@article{graves2008offline,
  title={Offline handwriting recognition with multidimensional recurrent neural networks},
  author={Graves, Alex and Schmidhuber, J{\"u}rgen},
  journal={Advances in neural information processing systems},
  volume={21},
  year={2008}
}


%46
@article{de2015survey,
  title={A survey on the application of recurrent neural networks to statistical language modeling},
  author={De Mulder, Wim and Bethard, Steven and Moens, Marie-Francine},
  journal={Computer Speech \& Language},
  volume={30},
  number={1},
  pages={61--98},
  year={2015},
  publisher={Elsevier}
}

%47
@inproceedings{xu2015show,
  title={Show, attend and tell: Neural image caption generation with visual attention},
  author={Xu, Kelvin and Ba, Jimmy and Kiros, Ryan and Cho, Kyunghyun and Courville, Aaron and Salakhudinov, Ruslan and Zemel, Rich and Bengio, Yoshua},
  booktitle={International conference on machine learning},
  pages={2048--2057},
  year={2015},
  organization={PMLR}
}

%48
@inproceedings{graves2014towards,
  title={Towards end-to-end speech recognition with recurrent neural networks},
  author={Graves, Alex and Jaitly, Navdeep},
  booktitle={International conference on machine learning},
  pages={1764--1772},
  year={2014},
  organization={PMLR}
}

%49
@article{zhang2014comprehensive,
  title={A comprehensive review of stability analysis of continuous-time recurrent neural networks},
  author={Zhang, Huaguang and Wang, Zhanshan and Liu, Derong},
  journal={IEEE Transactions on Neural Networks and Learning Systems},
  volume={25},
  number={7},
  pages={1229--1262},
  year={2014},
  publisher={IEEE}
}


%50
@article{schuster1997bidirectional,
  title={Bidirectional recurrent neural networks},
  author={Schuster, Mike and Paliwal, Kuldip K},
  journal={IEEE transactions on Signal Processing},
  volume={45},
  number={11},
  pages={2673--2681},
  year={1997},
  publisher={Ieee}
}

%51
@article{hochreiter1997long,
  title={Long short-term memory},
  author={Hochreiter, Sepp and Schmidhuber, J{\"u}rgen},
  journal={Neural computation},
  volume={9},
  number={8},
  pages={1735--1780},
  year={1997},
  publisher={MIT press}
}

%52
@article{lei2017simple,
  title={Simple recurrent units for highly parallelizable recurrence},
  author={Lei, Tao and Zhang, Yu and Wang, Sida I and Dai, Hui and Artzi, Yoav},
  journal={arXiv preprint arXiv:1709.02755},
  year={2017}
}

%53
@article{jang2019recurrent,
  title={Recurrent neural network-based semantic variational autoencoder for sequence-to-sequence learning},
  author={Jang, Myeongjun and Seo, Seungwan and Kang, Pilsung},
  journal={Information Sciences},
  volume={490},
  pages={59--73},
  year={2019},
  publisher={Elsevier}
}

%54 1
@article{larochelle2010learning,
  title={Learning to combine foveal glimpses with a third-order Boltzmann machine},
  author={Larochelle, Hugo and Hinton, Geoffrey E},
  journal={Advances in neural information processing systems},
  volume={23},
  year={2010}
}

%55 2
@article{mnih2014recurrent,
  title={Recurrent models of visual attention},
  author={Mnih, Volodymyr and Heess, Nicolas and Graves, Alex and others},
  journal={Advances in neural information processing systems},
  volume={27},
  year={2014}
}

%56 3
@article{bahdanau2014neural,
  title={Neural machine translation by jointly learning to align and translate},
  author={Bahdanau, Dzmitry and Cho, Kyunghyun and Bengio, Yoshua},
  journal={arXiv preprint arXiv:1409.0473},
  year={2014}
}

%57 4
@article{luong2015effective,
  title={Effective approaches to attention-based neural machine translation},
  author={Luong, Minh-Thang and Pham, Hieu and Manning, Christopher D},
  journal={arXiv preprint arXiv:1508.04025},
  year={2015}
}

%58 5
@inproceedings{yang2016hierarchical,
  title={Hierarchical attention networks for document classification},
  author={Yang, Zichao and Yang, Diyi and Dyer, Chris and He, Xiaodong and Smola, Alex and Hovy, Eduard},
  booktitle={Proceedings of the 2016 conference of the North American chapter of the association for computational linguistics: human language technologies},
  pages={1480--1489},
  year={2016}
}

%59 6
@inproceedings{wang2016attention,
  title={Attention-based LSTM for aspect-level sentiment classification},
  author={Wang, Yequan and Huang, Minlie and Zhu, Xiaoyan and Zhao, Li},
  booktitle={Proceedings of the 2016 conference on empirical methods in natural language processing},
  pages={606--615},
  year={2016}
}

%60 7
@inproceedings{anderson2018bottom,
  title={Bottom-up and top-down attention for image captioning and visual question answering},
  author={Anderson, Peter and He, Xiaodong and Buehler, Chris and Teney, Damien and Johnson, Mark and Gould, Stephen and Zhang, Lei},
  booktitle={Proceedings of the IEEE conference on computer vision and pattern recognition},
  pages={6077--6086},
  year={2018}
}

%61 8
@inproceedings{xu2015show,
  title={Show, attend and tell: Neural image caption generation with visual attention},
  author={Xu, Kelvin and Ba, Jimmy and Kiros, Ryan and Cho, Kyunghyun and Courville, Aaron and Salakhudinov, Ruslan and Zemel, Rich and Bengio, Yoshua},
  booktitle={International conference on machine learning},
  pages={2048--2057},
  year={2015},
  organization={PMLR}
}

%62 9
@inproceedings{ma2018targeted,
  title={Targeted aspect-based sentiment analysis via embedding commonsense knowledge into an attentive LSTM},
  author={Ma, Yukun and Peng, Haiyun and Cambria, Erik},
  booktitle={Proceedings of the AAAI conference on artificial intelligence},
  volume={32},
  number={1},
  year={2018}
}

%63 10
@article{chorowski2015attention,
  title={Attention-based models for speech recognition},
  author={Chorowski, Jan K and Bahdanau, Dzmitry and Serdyuk, Dmitriy and Cho, Kyunghyun and Bengio, Yoshua},
  journal={Advances in neural information processing systems},
  volume={28},
  year={2015}
}

%64 11
@inproceedings{bahdanau2016end,
  title={End-to-end attention-based large vocabulary speech recognition},
  author={Bahdanau, Dzmitry and Chorowski, Jan and Serdyuk, Dmitriy and Brakel, Philemon and Bengio, Yoshua},
  booktitle={2016 IEEE international conference on acoustics, speech and signal processing (ICASSP)},
  pages={4945--4949},
  year={2016},
  organization={IEEE}
}

%65 12
@inproceedings{kim2017joint,
  title={Joint CTC-attention based end-to-end speech recognition using multi-task learning},
  author={Kim, Suyoun and Hori, Takaaki and Watanabe, Shinji},
  booktitle={2017 IEEE international conference on acoustics, speech and signal processing (ICASSP)},
  pages={4835--4839},
  year={2017},
  organization={IEEE}
}

%66 13
@article{vaswani2017attention,
  title={Attention is all you need},
  author={Vaswani, Ashish and Shazeer, Noam and Parmar, Niki and Uszkoreit, Jakob and Jones, Llion and Gomez, Aidan N and Kaiser, {\L}ukasz and Polosukhin, Illia},
  journal={Advances in neural information processing systems},
  volume={30},
  year={2017}
}

%67 14
@article{cho2014properties,
  title={On the properties of neural machine translation: Encoder-decoder approaches},
  author={Cho, Kyunghyun and Van Merri{\"e}nboer, Bart and Bahdanau, Dzmitry and Bengio, Yoshua},
  journal={arXiv preprint arXiv:1409.1259},
  year={2014}
}

%68 15
@inproceedings{parmar2018image,
  title={Image transformer},
  author={Parmar, Niki and Vaswani, Ashish and Uszkoreit, Jakob and Kaiser, Lukasz and Shazeer, Noam and Ku, Alexander and Tran, Dustin},
  booktitle={International conference on machine learning},
  pages={4055--4064},
  year={2018},
  organization={PMLR}
}

%69 16
@inproceedings{zhou2018end,
  title={End-to-end dense video captioning with masked transformer},
  author={Zhou, Luowei and Zhou, Yingbo and Corso, Jason J and Socher, Richard and Xiong, Caiming},
  booktitle={Proceedings of the IEEE conference on computer vision and pattern recognition},
  pages={8739--8748},
  year={2018}
}


%70 17
@inproceedings{sun2019bert4rec,
  title={BERT4Rec: Sequential recommendation with bidirectional encoder representations from transformer},
  author={Sun, Fei and Liu, Jun and Wu, Jian and Pei, Changhua and Lin, Xiao and Ou, Wenwu and Jiang, Peng},
  booktitle={Proceedings of the 28th ACM international conference on information and knowledge management},
  pages={1441--1450},
  year={2019}
}


%71 1
@inproceedings{durand2018contextual,
  title={Contextual bandits for adapting treatment in a mouse model of de novo carcinogenesis},
  author={Durand, Audrey and Achilleos, Charis and Iacovides, Demetris and Strati, Katerina and Mitsis, Georgios D and Pineau, Joelle},
  booktitle={Machine learning for healthcare conference},
  pages={67--82},
  year={2018},
  organization={PMLR}
}

%72 2
@inproceedings{mary2015bandits,
  title={Bandits and recommender systems},
  author={Mary, J{\'e}r{\'e}mie and Gaudel, Romaric and Preux, Philippe},
  booktitle={Machine Learning, Optimization, and Big Data: First International Workshop, MOD 2015, Taormina, Sicily, Italy, July 21-23, 2015, Revised Selected Papers 1},
  pages={325--336},
  year={2015},
  organization={Springer}
}

%73 3
@inproceedings{ding2019interactive,
  title={Interactive anomaly detection on attributed networks},
  author={Ding, Kaize and Li, Jundong and Liu, Huan},
  booktitle={Proceedings of the twelfth ACM international conference on web search and data mining},
  pages={357--365},
  year={2019}
}

%74 4
@article{lai1985asymptotically,
  title={Asymptotically efficient adaptive allocation rules},
  author={Lai, Tze Leung and Robbins, Herbert and others},
  journal={Advances in applied mathematics},
  volume={6},
  number={1},
  pages={4--22},
  year={1985}
}

%75 5
@article{auer2002finite,
  title={Finite-time analysis of the multiarmed bandit problem},
  author={Auer, Peter and Cesa-Bianchi, Nicolo and Fischer, Paul},
  journal={Machine learning},
  volume={47},
  pages={235--256},
  year={2002},
  publisher={Springer}
}


%76 6
@article{bouneffouf2016multi,
  title={Multi-armed bandit problem with known trend},
  author={Bouneffouf, Djallel and F{\'e}raud, Raphael},
  journal={Neurocomputing},
  volume={205},
  pages={16--21},
  year={2016},
  publisher={Elsevier}
}


%77 7
@inproceedings{agrawal2012analysis,
  title={Analysis of thompson sampling for the multi-armed bandit problem},
  author={Agrawal, Shipra and Goyal, Navin},
  booktitle={Conference on learning theory},
  pages={39--1},
  year={2012},
  organization={JMLR Workshop and Conference Proceedings}
}



%78 8
@article{langford2007epoch,
  title={The epoch-greedy algorithm for multi-armed bandits with side information},
  author={Langford, John and Zhang, Tong},
  journal={Advances in neural information processing systems},
  volume={20},
  year={2007}
}


%79 9
@inproceedings{agrawal2013thompson,
  title={Thompson sampling for contextual bandits with linear payoffs},
  author={Agrawal, Shipra and Goyal, Navin},
  booktitle={International conference on machine learning},
  pages={127--135},
  year={2013},
  organization={PMLR}
}

%80 10
@inproceedings{li2010contextual,
  title={A contextual-bandit approach to personalized news article recommendation},
  author={Li, Lihong and Chu, Wei and Langford, John and Schapire, Robert E},
  booktitle={Proceedings of the 19th international conference on World wide web},
  pages={661--670},
  year={2010}
}

%81 11
@inproceedings{allesiardo2014neural,
  title={A neural networks committee for the contextual bandit problem},
  author={Allesiardo, Robin and F{\'e}raud, Rapha{\"e}l and Bouneffouf, Djallel},
  booktitle={Neural Information Processing: 21st International Conference, ICONIP 2014, Kuching, Malaysia, November 3-6, 2014. Proceedings, Part I 21},
  pages={374--381},
  year={2014},
  organization={Springer}
}

%82
@article{song2020miff,
  title={MIFF: Human mobility extractions with cellular signaling data under spatio-temporal uncertainty},
  author={Song, Yiwei and Liu, Yunhuai and Qiu, Wenqing and Qin, Zhou and Tan, Chang and Yang, Can and Zhang, Desheng},
  journal={Proceedings of the ACM on Interactive, Mobile, Wearable and Ubiquitous Technologies},
  volume={4},
  number={4},
  pages={1--19},
  year={2020},
  publisher={ACM New York, NY, USA}
}

%83
%84
%85
%86
%87
%88
%89

%90
%91
%92
%93
%94
%95
%96
%97
%98
%99

%100
%101
%102
%103
%104
%105
%106
%107
%108
%109

%0
%1
%2
%3
%4
%5
%6
%7
%8
%9

%0
%1
%2
%3
%4
%5
%6
%7
%8
%9

@Comment{jabref-meta: databaseType:bibtex;}
